 @misc{iba2020, title={How to create a CRUD REST API in Spring Boot}, url={https://nullbeans.com/how-to-create-a-crud-rest-api-in-spring-boot/}, journal={Nullbeans}, author={Iba}, year={2020}, month={Mar}}
 
@misc{exhand,
  title={Error handling for REST with Spring},
  howpublished = {\url{https://www.baeldung.com/exception-handling-for-rest-with-spring}},
  note = {Accessed: 2022-04-05}
}

@misc{codecademy-rest,
 title={What is REST?},
 howpublished={\url{https://www.codecademy.com/article/what-is-rest}},
 note = {Accessed: 2022-04-13}
}


@misc{mockmvc,
 title={REST Endpoint Testing With MockMvc},
 howpublished={\url{https://dzone.com/articles/rest-endpoint-testing-with-mockmvc}},
 note={Accessed: 2022-04-19}
}


@misc{servlet-lifecycle,
title={How do servlets work? Instantiation, sessions, shared variables and multithreading. },
howpublished={\url{https://stackoverflow.com/questions/3106452/how-do-servlets-work-instantiation-sessions-shared-variables-and-multithreadi/3106909#3106909}},
note={Accessed: 2022-04-27}
}

@misc{naming_bean,
title={JavaBeans vs Spring beans vs POJOs},
howpublished={\url{http://www.shaunabram.com/beans-vs-pojos/}},
note={Accessed: 2022-05-04}}

@misc{transactions,
title={Transaction Propagation and Isolation in Spring},
howpublished={\url{https://www.baeldung.com/spring-transactional-propagation-isolation}},
note={Accessed: 2022-05-04}}
